<?xml version="1.0" encoding="UTF-8"?><record xmlns="http://www.loc.gov/MARC21/slim" xmlns:cinclude="http://apache.org/cocoon/include/1.0" xmlns:zs="http://www.loc.gov/zing/srw/">
  <leader>00506nz  a2200145n  4500</leader>
  <controlfield tag="001">n 2002135804</controlfield>
  <controlfield tag="003">DLC</controlfield>
  <controlfield tag="005">20020828043905.0</controlfield>
  <controlfield tag="008">020828n| acannaabn          |a aaa      </controlfield>
  <datafield tag="010" ind1=" " ind2=" ">
    <subfield code="a">n 2002135804</subfield>
  </datafield>
  <datafield tag="035" ind1=" " ind2=" ">
    <subfield code="a">(DNLM)1184572</subfield>
  </datafield>
  <datafield tag="040" ind1=" " ind2=" ">
    <subfield code="a">DNLM</subfield>
    <subfield code="b">eng</subfield>
    <subfield code="c">DNLM</subfield>
  </datafield>
  <datafield tag="100" ind1="1" ind2=" ">
    <subfield code="a">Harner, C. F. H.</subfield>
    <subfield code="q">(Carol F. H.)</subfield>
  </datafield>
  <datafield tag="400" ind1="1" ind2=" ">
    <subfield code="a">Harner, Carol F. H.</subfield>
  </datafield>
  <datafield tag="670" ind1=" " ind2=" ">
    <subfield code="a">New frontiers in vision and aberration-free refractive surgery, c2003:</subfield>
    <subfield code="b">CIP t.p. (C.F.H. Harner) CIP t.p. verso (Carol F.H. Harner, PhD; VISX, Inc., Santa Clara, CA)</subfield>
  </datafield>
</record>